% This file was created with JabRef 2.7b.
% Encoding: UTF8

@BOOK{Chvatal1983,
  title = {Linear Programming},
  publisher = {W H Freeman \& Co},
  year = {1983},
  author = {Vasek Chvatal},
  pages = {478},
  series = {Series of Books in the Mathematical Sciences},
  address = {New York},
  isbn = {0-7167-1587-2},
  keywords = {Linear programming}
}

@ARTICLE{Einstein1905,
  author = {Albert Einstein},
  title = {{Zur Elektrodynamik bewegter K{\"o}rper}.},
  journal = {Annalen der Physik},
  year = {1905},
  volume = {17},
  pages = {891--921},
  acknowledgement = {#ack-nhfb#},
  bibdate = {Wed Nov 23 14:13:37 MST 2005},
  bibsource = {http://www.math.utah.edu/pub/tex/bib/einstein.bib},
  calaprice-number = {9},
  issn = {0003-3804},
  language = {German},
  remark = {This is the initial paper on Special Relativity. The paper was received
	on June 30, 1905, and published on September 26, 1905.},
  schilpp-number = {9},
  whittaker-number = {8},
  xxnote = {\cite{Calaprice:2004:EA} has pages 801--921.},
  zmnumber = {36.0920.02},
  zmreviewer = {Dr. Grimm (Halensee)}
}

